
%\bibitem{Krizhanovsky2015}
%Крижановский А. А. Работа в вики-среде на примере Русской Википедии, часть 1 : учеб. пособие. Петрозаводск : ПетрГУ, 2015. URL: \href{https://commons.wikimedia.org/?curid=86907665}{https://commons.wikimedia.org/?curid=86907665}

@book{Krizhanovsky2015,
    language = {russian},
    langid = {russian},
	author = {Крижановский, А. А.},
	title = {Работа в вики-среде на примере Русской Википедии. Ч.~1~: учеб. пособие},
	location = {Петрозаводск},
	publisher = {ПетрГУ},
	year = {2015},
    numpages = {114},
    url={https://commons.wikimedia.org/?curid=86907665}
} 


@book{KnowledgeGraphs,
  language = {english},
  langid = {english},
%  ids =    {Hogan_Aidan},

%  options={useauthor=false}, % more than 3 authors, if true then "Hogan, A. Knowledge Graphs / A. Hogan [et al.]."
  author = {Hogan, Aidan and Blomqvist, Eva and Cochez, Michael and d'Amato, Claudia and de Melo, Gerard and Guti\'errez, Claudio and Kirrane, Sabrina and Labra Gayo, Jos\'e Emilio and Navigli, Roberto and Neumaier, Sebastian and Ngonga Ngomo, Axel-Cyrille and Polleres, Axel and Rashid, Sabbir M. and Rula, Anisa and Schmelzeisen, Lukas and Sequeda, Juan F. and Staab, Steffen and Zimmermann, Antoine},
%  author = {{\noopsort{Hogan}}{Hogan, Aidan and Blomqvist, Eva and Cochez, Michael and d'Amato, Claudia and de Melo, Gerard and Guti\'errez, Claudio and Kirrane, Sabrina and Labra Gayo, Jos\'e Emilio and Navigli, Roberto and Neumaier, Sebastian and Ngonga Ngomo, Axel-Cyrille and Polleres, Axel and Rashid, Sabbir M. and Rula, Anisa and Schmelzeisen, Lukas and Sequeda, Juan F. and Staab, Steffen and Zimmermann, Antoine}},
  doi = {10.2200/S01125ED1V01Y202109DSK022},
%  isbn = {9781636392363},
%  number = {22},
  numpages = {237},
  publisher = {Springer Cham},
  series = {Synthesis Lectures on Data, Semantics, and Knowledge},
  title = {{K}nowledge {G}raphs},
  url = {https://kgbook.org/},
  year = {2022},
}

%    howpublished ={\url{https://arxiv.org/ftp/arxiv/papers/2010/2010.08381.pdf}}
@article{NetworkStructureRevolutions,
  language = {english},
  langid = {english},
  author = {Ju, Harang and
               Zhou, Dale and
               Blevins, Ann Sizemore and
               Lydon{-}Staley, David M. and
               Kaplan, Judith and
               Tuma, Julio R. and
               Bassett, Danielle S.},
  title     = {The network structure of scientific revolutions},
  journal   = {Computing Research Repository in arXiv (CoRR)},
%  volume    = {abs/2010.08381},
  year      = {2020},
  url       = {https://arxiv.org/abs/2010.08381},
  eprinttype = {arXiv},
  eprint    = {2010.08381},
%  timestamp = {Wed, 21 Oct 2020 01:00:00 +0200},
%  biburl    = {https://dblp.org/rec/journals/corr/abs-2010-08381.bib},
%  bibsource = {dblp computer science bibliography, https://dblp.org}
}

@inproceedings{Falcon,
    language = {english},
    langid = {english},
    title={Falcon 2.0: An entity and relation linking tool over {W}ikidata},
%    author={Sakor, Ahmad},
    author={Sakor, Ahmad and Singh, Kuldeep and Patel, Anery and Vidal, Maria-Esther},
    booktitle={Proceedings of the 29th ACM International Conference on Information \& Knowledge Management},
    pages={3141--3148},
    year={2020},
    url = {https://arxiv.org/pdf/1912.11270.pdf},
}

@article{Collaborative_ontological_database,
    language = {english},
    langid = {english},
    author = {Turki, Houcemeddine and Thomas, Shafee and Mohamed, Ali {Hadj Taieb} and Mohamed, {Ben Aouicha} and Denny, Vrandečić and Diptanshu, Das and Helmi, Hamdi},
    title = {Wikidata: A large-scale collaborative ontological medical database},
    journal = {Journal of Biomedical Informatics},
    volume = {99},
    pages = {1--13},
    year = {2019},
    issn = {1532-0464},
    doi = {https://doi.org/10.1016/j.jbi.2019.103292},
    url = {https://www.sciencedirect.com/science/article/pii/S1532046419302114},
    keywords = {Wikidata, Biomedical ontology, Semantic resources, Multilingual resources, Medical databases}
}



%%%%%%%%%%%%%%%%%%%%%%%%%%%%%%%%%%%%%%%%%
% Ниже идут примеры. Ссылки на источники добавляйте ниже с разбивкой по главам.

@BOOK{Bringhurst2005,
    language = {english},
    langid = {english},
	author = {Robert Bringhurst},
	title = {The Elements of Typography},
	publisher = {Hartley \& Marks},
	year = {2005},
	edition = {3.1},
	isbn = {0-88179-205-5}
}

@BOOK{Mittelbach2004,
    language = {english},
    langid = {english},
	author = {Frank Mittelbach and Michel Goossens},
	title = {The \LaTeX\ Companion},
	publisher = {Addison--Wesley},
	year = {2004},
	edition = {Second},
	isbn = {0-201-36299-6}
}

@BOOK{KamrianiAndRoy2016,
    language = {english},
    langid = {english},
	author = {Kamriani, Felicia and Roy, Krishnendu},
	title = {App Inventor~2 Essentials},
	publisher = {Packt},
	year = {2016},
} 

@BOOK{Galanin,
    language = {russian},
    langid = {russian},
	author = {Галанин Д. Д.},
	title = {Леонтий Филиппович Магницкий и его арифметика},
	publisher = {Типография О. Л. Сомовой},
	year = {1914},
}


%%%%%%%% review references begin   %%%%%%%%%%%%%%%%%%%

@article{Vrandecic,
  language = {english},
  langid = {english},
  author = {Vrande{\v{c}}i{\'c}, Denny and Kr{\"o}tzsch, Markus},
  doi = {10.1145/2629489},
  issn = {0001-0782},
  journal = {Commu\-nications of the ACM},
  keywords = {01801 acm paper ai semantic web knowledge processing data management social software wiki},
  number = 10,
  pages = {78--85},
  title = {Wikidata: A Free Collaborative Knowledgebase},
  volume = 57,
  year = 2014
}

@misc{Wikipedia_review,
    language     = {russian},
    langid = {russian},
    title        = {Русская Википедия},
    year = {2023},
    URL = {https://ru.wikipedia.org}
}

@misc{Cyc,
author = {Cycorp},
title        = {Cyc},
URL = {https://www.cyc.com/archives/service/cyc-knowledge-base}
}

@misc{True_Knowledge,
    language = {english},
    langid = {english},
    author = {Marco Varone},
    title = {True Knowledge},
    year = {2009},
    publisher = {Expert.ai},
    URL ={https://www.expert.ai/blog/true-knowledge/}
}

@misc{GoogleAcademy,
    language     = {russian},
    langid = {russian},
    %author = {Google},
    title  = {Академия Google},
    year = {2004--2024},
    URL = {https://scholar.google.com}
}

@misc{BabelNet,
    language = {english},
    langid = {english},
    author = {Navigli, R. and Ponzetto, S. P.},
    title = {BabelNet: Building a very large multilingual semantic network},
    year = {2010},
    pages     = {216--225},
    journal = {Proceedings of the 48th annual meeting of the association for computational linguistics},
    publisher = {Associationfor Computational Linguistics},
    URL ={https://dl.acm.org/doi/pdf/10.5555/1858681.1858704}
}

@inproceedings{Fogarolli,
  language = {english},
  langid = {english},
  abstract = {In this paper an approach based on Wikipedia link structure for sense disambiguation is presented and evaluated. Wikipedia is used as a reference to obtain lexicographic relationships and in combination with statistical information extraction it is possible to deduce concepts related to the terms extracted from a corpus. In addition, since the corpus covers a representation of a part of the real world the corpus itself is used as rdquotraining datardquo for choosing the sense which best fit the corpus.},
  author = {Angela Fogarolli},
  booktitle = {Semantic Computing, 2009. ICSC '09. IEEE International Conference on},
  doi = {10.1109/ICSC.2009.7},
  keywords = {link ma structure wikipedia},
  pages = {77--82},
  title = {Word Sense Disambiguation Based on {W}ikipedia Link Structure},
  url = {http://citeseerx.ist.psu.edu/viewdoc/download?doi=10.1.1.178.1696&rep=rep1&type=pdf},
  year = 2009
}

@thesis{Piscopo,
    language = {english},
    langid = {english},
    publisher={figshare},
    type = {phdthesis},
    author={Alessandro Piscopo},
    title = {Structuring the world’s knowledge: Socio-technical processes and data quality in {W}ikidata},
    year={2019},
%    science = {техн. наук},
    DOI={10.6084/m9.figshare.10998791.v2},
    URL ={https://figshare.com/articles/thesis/Structuring_the_world_s_knowledge_Socio-technical_processes_and_data_quality_in_Wikidata/10998791/2}
}

%%%%%%%% review references end   %%%%%%%%%%%%%%%%%%%


%%%%%%%% aircraft references begin %%%%%%%%%%%%%%%%%%%%

%@misc{aircraft_prowd,
%    language = {english},
%    langid = {english},
%    author = {Potes, Artem},
%    title = {Aircraft in {Russia}, {ProWD}},
%    year = {2020},
%    URL = {https://prowd.id/dashboards/972cd00ce110/profile}
%}

%%%%%%%% aircraft references end %%%%%%%%%%%%%%%%%%%%

%%%%%%%% anime references begin %%%%%%%%%%%%%%%%%%%%

@inproceedings{anime_social,
    language = {russian},
    langid = {russian},
    title={Аниме: от социализации к межкультурной коммуникации},
    author={Кузьмина, Д. П.},
    booktitle={Традиции и инновации в пространстве современной культуры},
%    publisher={ЛГПУ},
    location = {Липецк},
    pages={235--238},
    year={2021},
    url = {https://www.elibrary.ru/item.asp?id=46107074}
}

@article{anime_title_def,
    language = {russian},
    langid = {russian},
    author = {Магера, Ю. А.},
    doi = {10.24411/2500-2872-2018-10025},
    issn = {2500-2872},
    journal = {Японские исследования},
    number = 4,
    pages = {6--23},
    title = {История появления первых японских комиксов на русском языке},
    year = 2018,
    url = {https://publications.hse.ru/pubs/share/direct/229921306.pdf}
}

% dead link
%@misc{anime_prowd,
%    language = {english},
%    langid = {english},
%    author = {Parenchenkov, Evgeny},
%    title = {{Anime}, {ProWD}},
%    year = {2021},
%    URL = {https://prowd.id/dashboards/468bc4040593/profile}
%}
%%%%%%%% anime references end %%%%%%%%%%%%%%%%%%%%


%%%%%%%% oblast of Russia references begin %%%%%%%
%@misc{Russia_prowd,
%    language = {english},
%    langid = {english},
%    author = {Tatiana Zinchenko},
%    title = {{Subjects of Russia}, {ProWD}},
%    year = {2021},
%    URL = {https://prowd.id/dashboards/68f1cfd5b84d/profile}
%}

@misc{Baikonur,
    language = {russian},
    langid = {russian},
    title = {Соглашение между Российской Федерацией и Республикой Казахстан о статусе города Байконур, порядке формирования и статусе его органов исполнительной власти. 1995},
    URL = {https://base.garant.ru/2560320/1cafb24d049dcd1e7707a22d98e9858f/}
}

%%%%%%%% oblast of Russia references end %%%%%%%%%

%%%%%%%% city references begin %%%%%%%%%%%%%%%%%%%

% dead link
%misc{city_prowd,
%   language = {english},
%   langid = {english},
%   author = {Menshikova, Ekaterina},
%   title = {Cities in {Russia}, {ProWD}},
%   year = {2020},
%   url = {https://bit.ly/3lJukwQ}
%

% dead link    
%@misc{big_city_prowd,
%    language = {english},
%    langid = {english},
%    author = {Menshikova, Ekaterina},
%    title = {Big cities in {Russia}, {ProWD}},
%    year = {2020},
%    url = {https://bit.ly/2VF62t1}
%}
%%%%%%%% city references end   %%%%%%%%%%%%%%%%%%%

%%%%%%%% country references begin %%%%%%%%%%%%%%%%%%%
@misc{prowd_balakireva,
    language = {english},
    langid = {english},
    author = {Balakireva, Maria},
    title = {Countries, {ProWD}},
    year = {2020},
    URL = {http://bit.ly/3o7Bxsz}
}

@article{Zhuravleva2012,
    language  = {russian},
    langid = {russian},
    title     = {Особенности перевода катойконимов (на материале испанского и русского языков)},
    author    = {Журавлева, Наталия Юрьевна},
    year      = {2012},
    pages     = {41--48},
    number    = {3},
    journal   = {Вестник Российского университета дружбы народов. Серия: Лингвистика},
    publisher = {Изд-во РУДН},
	issn      = {2686-8024},
    url = {http://journals.rudn.ru/linguistics/article/view/9530},
}
%%%%%%%% country references end   %%%%%%%%%%%%%%%%%%%


%%%%%%%% operating system references begin %%%%%%%%%%%%%%%%%%%

%@misc{prowd_os_link_ru,
%	language = {english},
%    langid = {english},
%	title={{ProWD}:  {Operating} systems in {Russia}},
%	author={Sysoev, Maxim},
%	year={2021},
%	URL = {https://prowd.id/dashboards/aa81a0428264/profile}
%}

%@misc{prowd_os_link,
%	language = {english},
%    langid = {english},
%	title={{ProWD}:  {Operating} systems},
%	author={Sysoev, Maxim},
%	year={2021},
%	URL = {https://prowd.id/dashboards/7a3bd00c32ec/profile}
%}

@misc{Samuel2020DocumentingWiki,
	language = {english},
    langid = {english},
	title={Documenting {S}oftware {A}pplications on {W}ikidata},
	author={Samuel, John},
	year={2020},
	URL = {https://jsamwrites.medium.com/documenting-software-applications-on-wikidata-197716d7f2d}
}

% author: Kemp, Juliet, failed: Дж. 
@article{FutureProgrLang2016,
    language = {russian},
    langid = {russian},
    author = {Кемп, {\relax{}Дж}ульетта},
    translator = {Панин, А.},
%    journal = {Библиотека сайта rus-linux.net},
    title = {Будущее языков программирования},
    year = 2016,
    url = {http://rus-linux.net/MyLDP/algol/the_future_of_computer_languages.html}
}

%%%%%%%% operating system references end %%%%%%%%%%%%%%%%%%%

%%%%%%%% programming languages references begin   %%%%%%%%%%%%%%%%%%%

@misc{where_devs_live_2017,
    language = {russian},
    langid = {russian},
    author = {Крижановский Андрей, Ковальчук Денис},
    title = {Где учатся и кем работают изобретатели языков программирования},
    year = {2017},
    URL = {https://www.authorea.com/users/86022/articles/155483-wd-programming-language}
}

@misc{where_devs_live_2,
    language = {russian},
    langid = {russian},
    author = {Крижановский Андрей, Ковальчук Денис},
    title = {Где учатся и кем работают изобретатели языков программирования},
    year = {2017},
    URL = {http://nauchkor.ru/pubs/gde-uchatsya-i-kem-rabotayut-izobretateli-yazykov-programmirovaniya-592e95045f1be70a41c8badf}
}

@misc{prog_langs_2020,
    language = {russian},
    langid = {russian},
    author = {Бурдин, Григорий},
    title = {Языки программирования},
    year = {2020},
    URL = {https://www.authorea.com/users/86022/articles/155483-wd-programming-language}
}

@misc{oo_langs_bourabai,
    language = {russian},
    langid = {russian},
	author = {Хайдаров, К. А.},
    title = {Объектно-ориентированное программирование (ООП-1)},
    URL = {http://bourabai.ru/alg/oop.htm},
	year = {2021},
	
}

@misc{oo_langs_science_wikia,
    language = {russian},
    langid = {russian},
	author = {Ковальчук, Денис},
    title = {Объектно-ориентированное программирование},
    URL = {https://bit.ly/33aFvIw},
	year = {2017},
}

@misc{oo_langs_garshin,
    language = {russian},
    langid = {russian},
	author={Игорь, Гаршин},
    title = {Первые языки объектно-ориентированного программирования (ООП)},
    URL = {http://www.garshin.ru/it/computer-languages/object-pioners.html},
	year = {2017},
}

%@misc{prowd_langs_link,
%    language = {english},
%    langid = {english},
%    title={ProWD: Operating systems in {R}ussia.},
%    author={Burdin, Grigoriy},
%    year={2020},
%    publisher={Wikimedia Deutschland Blog},
%    URL = {https://prowd.id/dashboards/2dc82ab0b51e/profile}
%}
%%%%%%%% programming languages references end   %%%%%%%%%%%%%%%%%%%

%%%%%%%% ship references begin   %%%%%%%%%%%%%%%%%%%

%@misc{ProWD_ru_ships,
%    language     = {english},
%    langid       = {english},
%    author       = {Larionov, Dmitry},
%    title        = {Ships in {R}ussia, {ProWD}},
%    year         = {2020},
%    URL = {https://prowd.id/dashboards/84384d0e7230/profile}
%}


%@misc{RussianShips,
%  language     = {russian},
%  langid       = {russian},
%  author       = {Волков, Р. and Бричевский, А.},
%  title        = {Russian{S}hips.info},
%  year         = {2020},
%  URL = {http://russianships.info/today/},
%}

%%%%%%%% ship references end   %%%%%%%%%%%%%%%%%%%


%%%%%%%% buckets and balls references begin   %%%%%%%%%%%%%%%%%%%
@misc{bucketsAndBalls,
    language     = {english},
    langid = {english},
    author       = {Ivo Velitchkov},
    title        = {Buckets and Balls // strategic structures},
    year         = {2020},
    month        = {July},
    URL = {https://www.strategicstructures.com/?p=1889}
}

%%%%%%%% buckets and balls references end   %%%%%%%%%%%%%%%%%%%

%%%%%%%% spacecraft references begin   %%%%%%%%%%%%%%%%%%%
%@misc{spacecraftProWD,
%    language     = {english},
%    langid       = {english},
%    author       = {Savinov, Evgeniy},
%    title        = {Spacecraft ProWD},
%    year         = {2021},
%    URL = {https://prowd.id/dashboards/79a3b192dfa0/profile}
%}

%@misc{spacecraftBuran,
%    language     = {russian},
%    langid = {russian},
%    author       = {Лукашевич, Вадим Павлович},
%    title        = {Buran.ru, Энциклопедия крылатого космоса},
%    year         = {2022},
%    URL = {https://www.buran.ru/htm/homepage.htm}
%}

@book{spacecraftCosmonavtika,
    language     = {russian},
    langid = {russian},
    author       = {Глушко, В. П.},
    title        = {Космонавтика : энциклопедия},
    year         = {1985},
    publisher    = {Сов. энциклопедия},
    location     = {Москва},
}

@book{spacecraftSAA,
    language     = {english},
    langid       = {english},
    author       = {Joseph, A. and Angelo, Jr.},
    title        = {The facts on file space and astronomy handbook},
    year         = {2009},
    publisher    = {Facts on file}
}

%%%%%%%% spacecraft references end   %%%%%%%%%%%%%%%%%%%

%%%%%%%%%%%%%%%%%%%%%%%%%%%%%%%%%%%%%%%%%
% Ниже идут примеры. Ссылки на статьи, журналы и сайты в алфавитном порядке добавляйте выше.

@misc{Giesemann2020,
    language = {english},
    langid = {english},
    title={ProWD: Detecting Knowledge Imbalances on Wikidata},
    author={Giesemann, Elisabeth},
    year={2020},
    publisher={Wikimedia Deutschland Blog},
    URL = {https://blog.wikimedia.de/2020/09/16/prowd-detecting-knowledge-imbalances-on-wikidata/}
}


@misc{WDNationalFlags,
    language = {russian},
    langid = {russian},
    author = {Викиданные},
    title = {Список государственных флагов},
    year = {2018},
    URL = {http://bit.ly/2OgIdWo}
}

@misc{MitManyScreens,
    language = {english},
    langid = {english},
    author = {MIT App Inventor},
    title = {Building Apps with many Screens},
    year = {2012},
    URL = {http://ai2.appinventor.mit.edu/reference/other/manyscreens.html}
}

@misc{Chase2018,
    language = {russian},
    langid = {russian},
    author = {Чейз Адамс},
    title = {Стили написания составных слов в программировании},
    year = {2018},
    URL = {https://techrocks.ru/2018/08/09/most-common-programming-case-types/}
}

%%%%%%%% human-settlements references begin %%%%%%%

% deadlink
%@misc{humansettlements_ProWD,
%    language = {english},
%    langid = {english},
%    author = {Leonid Maksimenko},
%    title = {{Human settlements}, {ProWD}},
%    year = {2021},
%    URL = {https://prowd.id/dashboards/f64fc6d3d55d/profile}
%}

@BOOK{Humansettlements_Dictionary,
    language = {russian},
    langid = {russian},
	author = {Ожегов, С. И.},
	title = {Толковый словарь русского языка. 24-е изд.},
	publisher = {Азбуковник},
	year = {2003},
}

%%%%%%%% human-settlements references end %%%%%%%%%

